@misc{noaa2009hydrographic,
author={{US Department of Commerce, and National Oceanic and Atmospheric Administration}},
year={2009},
title={Hydrographic Surveying},
url={https://oceanservice.noaa.gov/navigation/hydro/}}

@misc{australia2018joint,
author={{Department of Infrastructure, Regional Development and Cities, Commonwealth of Australia}},
title={{Joint Agency Coordination Centre}},
year={2017},
url={https://www.infrastructure.gov.au/aviation/joint-agency-coordination-centre/}}

@article{economist2018fantastical,
year={2018},
title={A Fantastical Ship Has Set out to Seek {Malaysian Airlines Flight 370}},
journal={The Economist},
url={https://www.economist.com/science-and-technology/2018/01/02/a-fantastical-ship-has-set-out-to-seek-malaysian-airlines-flight-370}}

@article{haun2017ocean,
author={Haun, Eric},
year={2017},
title={{Ocean Infinity} Buys Two {HUGIN} 6000 {AUVs}},
journal={Marine Technology News},
url={https://www.marinetechnologynews.com/news/ocean-infinity-hugin-547860}}

@article{zahn2009empirical,
author={Zahn, Thomas and Oshea, Greg and Rowstron, Antony},
year={2009},
title={An Empirical Study of Flooding in Mesh Networks},
journal={ACM SIGMETRICS Performance Evaluation Review},
volume={37},
number={2},
pages={57},
doi={10.1145/1639562.1639584}}

@misc{hamraz2019wireless,
author={Hamraz, Hamid and Bidkhori, Golnar},
year={2019},
title={Wireless Mesh Networks: A Survey on Routing Approaches},
url={https://www.researchgate.net/publication/316883885\_Wireless\_Mesh\_Networks\_A\_Survey\_on\_Routing\_Approaches}}


@misc{trehan2019algorithms,
author={Trehan, Amitabh},
year={2019},
title={Algorithms for Self-Healing Networks},
url={https://arxiv.org/abs/1305.4675}}

@misc{rouse2019what,
author={Rouse, Margaret},
year={2019},
title={What Is {UDP} ({User Datagram Protocol})? - Definition from {WhatIs.com}},
url={https://searchnetworking.techtarget.com/definition/UDP-User-Datagram-Protocol}}

@misc{baron2009distributed,
author={Baron, Dror F. and Duarte, Marco B. and Wakin, Michael G. and Sarvotham, Shriram and Baraniuk, Richard},
year={2009},
title={Distributed Compressive Sensing},
url={https://arxiv.org/abs/0901.3403}}

@manual{arm2013acoustic,
title={{ARM9 Cortex-M3 Acoustic Modem Specs}},
year={2013},
url={https://www.researchgate.net/publication/290078574\_Wireless\_Underwater\_Monitoring\_Systems\_Based\_on\_Energy\_Harvestings}}

@misc{dugaev2020wireless,
author={Dugaev, Dmitrii A},
year={2020},
title={A Wireless Mesh Network {NS-3} Simulation Model: Implementation and Performance Comparison With a Real Test-Bed},
url={https://www.researchgate.net/publication/331162578\_A\_Wireless\_Mesh\_Network\_NS-3\_Simulation\_Model\_Implementation\_and\_Performance\_Comparison\_With\_a\_Real\_Test-Bed}}


@misc{sphyce2015networkx,
title={Network Simulations in {Python} Using {NetworkX} Library},
year={2015},
url={https://spyhce.com/blog/python-networkx-library}}

@inproceedings{hagberg2008exploring,
author={Hagberg, Aric A and Schult, Daniel A and Swart, Pieter J},
year={2008},
title={Exploring network structure, dynamics, and function using {NetworkX}},
booktitle={Proceedings of the 7th Python in Science Conference (SciPy2008)},
editor={Varoquaux, G{\"{a}}el and Vaught, Travis and Millman, Jarrod},
address={Pasadena, CA USA},
pages={11--15}}

